<record><leader>00000cas a22000007a 4500</leader><controlfield tag="001">20818612</controlfield><controlfield tag="008">891226d19101917ndudn ne      0    0eng d</controlfield><datafield ind1=" " ind2=" " tag="010"><subfield code="a">sn 89074476 </subfield></datafield><datafield ind1=" " ind2=" " tag="040"><subfield code="a">NOP</subfield><subfield code="b">eng</subfield><subfield code="c">NOP</subfield><subfield code="d">OCLCQ</subfield></datafield><datafield ind1=" " ind2=" " tag="042"><subfield code="a">msc</subfield></datafield><datafield ind1="0" ind2="0" tag="245"><subfield code="a">Fargo daily courier-news.</subfield></datafield><datafield ind1="1" ind2="7" tag="246"><subfield code="a">Fargo courier-news</subfield><subfield code="f">1910-1913</subfield></datafield><datafield ind1="1" ind2="3" tag="246"><subfield code="a">Fargo Sunday courier-news</subfield></datafield><datafield ind1=" " ind2=" " tag="260"><subfield code="a">Fargo, N.D. :</subfield><subfield code="b">Courier Pub. Co.</subfield></datafield><datafield ind1=" " ind2=" " tag="300"><subfield code="a">7 v. :</subfield><subfield code="b">ill.</subfield></datafield><datafield ind1=" " ind2=" " tag="310"><subfield code="a">Daily,</subfield><subfield code="b">Feb. 26-Sept. 23, 1917</subfield></datafield><datafield ind1=" " ind2=" " tag="321"><subfield code="a">Daily,</subfield><subfield code="b">Dec. 23, 1910-July 12, 1914</subfield></datafield><datafield ind1=" " ind2=" " tag="321"><subfield code="a">Daily (except Mon.),</subfield><subfield code="b">July 14, 1914-Feb. 25, 1917</subfield></datafield><datafield ind1="0" ind2=" " tag="362"><subfield code="a">Vol. 3, no. 176 (Dec. 23, 1910)-v. 10, no. 85 (Sept. 23, 1917).</subfield></datafield><datafield ind1=" " ind2=" " tag="500"><subfield code="a">Official paper of Cass County, 1910, 1915-1916; Fargo, 1914-1915.</subfield></datafield><datafield ind1=" " ind2=" " tag="500"><subfield code="a">On Sundays published as: Fargo Sunday courier-news, Dec. 25, 1910-July 26, 1914.</subfield></datafield><datafield ind1=" " ind2=" " tag="530"><subfield code="a">Available on microfilm from the State Historical Society of North Dakota.</subfield></datafield><datafield ind1=" " ind2=" " tag="752"><subfield code="a">United States</subfield><subfield code="b">North Dakota</subfield><subfield code="c">Cass</subfield><subfield code="d">Fargo.</subfield></datafield><datafield ind1="0" ind2="0" tag="780"><subfield code="t">Fargo daily news the morning call and Fargo daily argus</subfield><subfield code="w">(DLC)sn 89074475</subfield></datafield><datafield ind1="0" ind2="5" tag="780"><subfield code="t">Fargo evening telegram</subfield></datafield><datafield ind1="0" ind2="0" tag="785"><subfield code="t">Courier-news (Fargo, N.D.)</subfield><subfield code="w">(DLC)sn 84024169</subfield></datafield></record>